000000005 LDR   L ^^^^^nam^a22^^^^^^c^4500
000000005 001   L HT000000010
000000005 005   L 20011205
000000005 008   L 990910s1963^^^^gw^a|||^^||||^00|||^ger^d
000000005 035   L $$a(DE-599)HBZHT000000010
000000005 040   L $$aDE-605$$erakwb
000000005 044   L $$agw$$cDE
000000005 24510 L $$aA la mode$$b600 Jahre europäische Mode in zeitgenössischen Dokumenten$$chrsg. von Joachim Wachtel
000000005 260   L $$aMünchen$$bPrestel$$c1963
000000005 300   L $$a383 S.$$bIll.
000000005 648 7 L $$aGeschichte 1400-1900$$2gnd
000000005 65007 L $$0(DE-588)4039792-0$$aMode$$2gnd
000000005 651 7 L $$0(DE-588)4015701-5$$aEuropa$$2gnd
000000005 7001  L $$aWachtel, Joachim$$d1928-$$eHrsg.$$0(DE-588)172439604$$4edt
000000005 961a  L $$aW0001$$b43OLT1067$$cBOOK$$d11$$h43$$j19840831$$k19840831$$l00000000$$m0000$$n468$$t0000000000000000000$$u00000000$$x00000000$$yN       $$AOLT1067$$Bi olt1067$$Ci$$HL$$P       0$$Q00000001$$P       0$$Q00000001$$R  000000000$$U000$$Y00000000000000000000
