000000013 LDR   L ^^^^^nam^a22^^^^^^c^4500
000000013 001   L HT000000020
000000013 005   L 20130603
000000013 008   L 971117s1979^^^^gw^^^^^^^m|||^00|||^ger^d
000000013 035   L $$a(DE-599)HBZHT000000020
000000013 040   L $$aDE-605$$erakwb
000000013 044   L $$agw$$cDE
000000013 1001  L $$aAab, Hubertus R.$$0(DE-588)109662415$$4aut
000000013 24510 L $$aArbeitslosenversicherung und Arbeitslosigkeit$$beine Analyse ausgewählter theoretischer und ökonometrisch-empirischer Zusammenhänge$$cvorgelegt von Hubertus R. Aab
000000013 260   L $$c1979
000000013 300   L $$aVII, 215 S.
000000013 502   L $$aKonstanz, Univ., Diss., 1979
000000013 751   L $$aKonstanz$$0(DE-588)2016473-7$$2gnd$$4uvp
000000013 961a  L $$aW0001$$b05PIO8201$$cBOOK$$d15$$h05$$j19840831$$k19840831$$l00000000$$m0000$$n468$$t0000000000000000000$$u00000000$$x00000000$$yN       $$APIO8201$$Bi pio8201$$Ci$$HL$$P       0$$Q00000003$$P       0$$Q00000003$$R  000000000$$U000$$Y00000000000000000000
