000000020 LDR   L ^^^^^nam^a22^^^^^^c^4500
000000020 001   L HT000000031
000000020 005   L 20101005
000000020 008   L 970912s1974^^^^gw^a|||^^||||^00|||^ger^d
000000020 020   L $$a379110053$$93-7911-0053
000000020 035   L $$a(DE-599)HBZHT000000031
000000020 040   L $$aDE-605$$erakwb
000000020 044   L $$agw$$cDE
000000020 1001  L $$aAaken, Ernst van$$d1910-1984$$0(DE-588)118818759$$4aut
000000020 24510 L $$aProgrammiert für 100 Lebensjahre$$bWege zur Gesundheit und Leistungsfähigkeit$$cVan Aaken
000000020 250   L $$a1. Aufl.
000000020 260   L $$aCelle$$bPohl$$c1974
000000020 300   L $$a346 S.$$bIll.
000000020 961a  L $$aW0001$$b21KQY1010$$cBOOK$$d11$$h21$$j19840831$$k19840831$$l00000000$$m0000$$n468$$t0000000000000000000$$u00000000$$x00000000$$yN       $$AKQY1010$$Bi kqy1010$$Ci$$HL$$P       0$$Q00000005$$P       0$$Q00000005$$R  000000000$$U000$$Y00000000000000000000
