000000025 LDR   L ^^^^^nam^a22^^^^^^c^4500
000000025 001   L HT000000036
000000025 005   L 20111214
000000025 008   L 931220s1977^^^^gw^^^^^^^||||^00|||^ger^d
000000025 020   L $$a3791100785$$93-7911-0078-5
000000025 035   L $$a(DE-599)HBZHT000000036
000000025 040   L $$aDE-605$$erakwb
000000025 044   L $$agw$$cDE
000000025 084   L $$aXE 4800$$2rvk
000000025 084   L $$aZX 8350$$2rvk
000000025 084   L $$aZX 9800$$2rvk
000000025 1001  L $$aAaken, Ernst van$$d1910-1984$$0(DE-588)118818759$$4aut
000000025 24514 L $$aDie schonungslose Therapie$$bein Gesundheits-Brevier$$cvan Aaken
000000025 260   L $$aCelle$$bPohl$$c1977
000000025 300   L $$a343 S.
000000025 65007 L $$0(DE-588)4020759-6$$aGesundheitserziehung$$2gnd
000000025 65007 L $$0(DE-588)4032844-2$$aKrankheit$$2gnd
000000025 65007 L $$0(DE-588)4056430-7$$aSporttherapie$$2gnd
000000025 65007 L $$0(DE-588)4230948-7$$aGesundheitssport$$2gnd
000000025 961a  L $$aW0001$$b21KQY1002+2$$cBOOK$$d11$$g00000000$$h21$$j19840831$$k20111214$$l20071219$$m1358$$n468_KAT_6$$s00000000$$u00000000$$w77/15806$$x20111214$$y00000000$$AKQY1002+2$$Bi kqy1002+2$$Ci$$HL$$LN$$M132.195.72.139$$O000000$$P00000000$$Q00000000$$LN$$M132.195.72.139$$O000000$$P00000000$$Q00000000$$T000000000$$U001$$W000
000000025 961a  L $$aW0001$$bW00155863$$cBOOK$$d12$$g00000000$$h20$$j19840831$$k20111214$$l00000000$$m0000$$n468_KAT_6$$s00000000$$u00000000$$w77/15808$$x20111214$$y00000000$$AKQY1002$$Bi kqy1002$$Ci$$HL$$LN$$O000000$$P00000000$$Q00000000$$LN$$O000000$$P00000000$$Q00000000$$T000000000$$U000$$W000
