000000033 LDR   L ^^^^^nam^a22^^^^^^c^4500
000000033 001   L HT000000045
000000033 008   L 981127s1969^^^^ie^abd|^^||||^00|||^eng^d
000000033 035   L $$a(DE-599)HBZHT000000045
000000033 040   L $$aDE-605$$erakwb
000000033 044   L $$aie$$cIE
000000033 24510 L $$aGola$$bthe life and last days of an island community$$cF. H. A. Aalen and Hugh Brody
000000033 260   L $$aCork$$bMercier Press$$c1969
000000033 300   L $$a127 S.$$bzahlr. Ill., graph. Darst., Kt.
000000033 7001  L $$aAalen, Fred H. A.$$0(DE-588)111860148$$4ctb
000000033 7001  L $$aBrody, Hugh$$d1945-$$0(DE-588)171991001$$4ctb
000000033 961a  L $$aW0001$$b14MZH1261$$cBOOK$$d12$$h14$$j19981127$$k19981127$$l00000000$$m0000$$n468$$t0000000000000000000$$u00000000$$w79/9731$$x20000217$$yN       $$AMZH1261$$Bi mzh1261$$Ci$$HL$$P       0$$Q00000006$$P       0$$Q00000006$$R  000000000$$U000$$Y00000000000000000000
