000000034 LDR   L ^^^^^nam^a22^^^^^^c^4500
000000034 001   L HT000000046
000000034 005   L 20110517
000000034 008   L 981126s1978^^^^xxkab||^^||||^00|||^eng^d
000000034 020   L $$a0120413507$$90-12-041350-7
000000034 035   L $$a(DE-599)HBZHT000000046
000000034 040   L $$aDE-605$$erakwb
000000034 044   L $$axxk$$cGB
000000034 084   L $$aND 8080$$2rvk
000000034 084   L $$aRN 90820$$2rvk
000000034 084   L $$aRN 90841$$2rvk
000000034 1001  L $$aAalen, Fred H.$$0(DE-588)160291445$$4aut
000000034 24510 L $$aMan and the landscape in Ireland$$cF. H. A. Aalen
000000034 260   L $$aLondon [u.a.]$$bAcademic Press$$c1978
000000034 300   L $$aXI, 343 S.$$bIll., Kt.
000000034 65007 L $$0(DE-588)4034343-1$$aLandschaft$$2gnd
000000034 65007 L $$0(DE-588)4038639-9$$aMensch$$2gnd
000000034 65007 L $$0(DE-588)4072540-6$$aHistorische Landeskunde$$2gnd
000000034 651 7 L $$0(DE-588)4027667-3$$aIrland$$2gnd
000000034 8564  L $$uhttp://digitool.hbz-nrw.de:1801/webclient/DeliveryManager?pid=5303528&custom_att_2=simple_viewer$$xInhaltsverzeichnis$$yMan and the landscape in Ireland
000000034 961a  L $$aW0001$$b21MZH1180$$cBOOK$$d11$$h21$$j19840831$$k19840831$$l00000000$$m0000$$n468$$t0000000000000000000$$u00000000$$x00000000$$yN       $$AMZH1180$$Bi mzh1180$$Ci$$HL$$P       0$$Q00000007$$P       0$$Q00000007$$R  000000000$$U000$$Y00000000000000000000
