000000038 LDR   L ^^^^^nam^a22^^^^^^c^4500
000000038 001   L HT000000051
000000038 008   L 840831s1979^^^^^^^||||^^||||^00|||^und^d
000000038 035   L $$a(DE-599)HBZHT000000051
000000038 040   L $$aDE-605$$erakwb
000000038 1001  L $$aAaltonen, Rauno$$0(DE-588)108970213$$4aut
000000038 24510 L $$aREVOLUTION AM STEUER : D. NEUE FAHRTECHNIK$$cRAUNO AALTONEN
000000038 24619 L $$aREVOLUTION AM STEUER
000000038 260   L $$aMUENCHEN$$bPC MODERNER VERL.$$c(1979)
000000038 300   L $$a161 S.$$bZAHLR. ILL.
000000038 8564  L $$uhttp://digitool.hbz-nrw.de:1801/webclient/DeliveryManager?pid=5697615&custom_att_2=simple_viewer$$xInhaltsverzeichnis$$yREVOLUTION AM STEUER : D. NEUE FAHRTECHNIK / RAUNO AALTONEN
000000038 961a  L $$aW0001$$b83KVB1023$$cBOOK$$d11$$h83$$j19840831$$k19840831$$l00000000$$m0000$$n468$$t0000000000000000000$$u00000000$$x00000000$$yN       $$AKVB1023$$Bi kvb1023$$Ci$$HL$$P       0$$Q00000008$$P       0$$Q00000008$$R  000000000$$U000$$Y00000000000000000000
