000000047 LDR   L ^^^^^nam^a22^^^^^^c^4500
000000047 001   L HT000000062
000000047 005   L 20070202
000000047 008   L 840831s1977^^^^^^^^^^^^^||||^00|||^und^d
000000047 020   L $$a0195199707$$90-19-519970-7
000000047 035   L $$a(DE-599)HBZHT000000062
000000047 040   L $$aDE-605$$erakwb
000000047 084   L $$aHU 1843$$2rvk
000000047 1001  L $$aAaron, Daniel$$d1912-$$0(DE-588)133670546$$4aut
000000047 24510 L $$aWRITERS ON THE LEFT$$cDANIEL AARON
000000047 24619 L $$aWRITERS ON THE LEFT
000000047 250   L $$aFIRST PUBL. 1961.
000000047 260   L $$aOXFORD ; NEW YORK$$bOXFORD UNIV. PR.$$c1977
000000047 300   L $$aXXIV, 460 S.
000000047 648 7 L $$aGeschichte <1912-1945>$$2gnd
000000047 65007 L $$0(DE-588)4031892-8$$aKommunismus$$2gnd
000000047 65007 L $$0(DE-588)4035964-5$$aLiteratur$$2gnd
000000047 651 7 L $$0(DE-588)4078704-7$$aUSA$$2gnd
000000047 961a  L $$aW0001$$b11EIA1044$$cBOOK$$d11$$h11$$j19840831$$k19840831$$l00000000$$m0000$$n468$$t0000000000000000000$$u00000000$$x00000000$$yN       $$AEIA1044$$Bi eia1044$$Ci$$HL$$P       0$$Q00000009$$P       0$$Q00000009$$R  000000000$$U000$$Y00000000000000000000
