000000048 LDR   L ^^^^^nam^a22^^^^^^c^4500
000000048 001   L HT000000063
000000048 005   L 20070126
000000048 008   L 840831s1978^^^^^^^^^^^^^||||^00|||^und^d
000000048 020   L $$a0815700253$$90-8157-0025-3
000000048 035   L $$a(DE-599)HBZHT000000063
000000048 040   L $$aDE-605$$erakwb
000000048 084   L $$aMG 70920$$2rvk
000000048 084   L $$aMS 1170$$2rvk
000000048 084   L $$aQD 000$$2rvk
000000048 1001  L $$aAaron, Henry J.$$0(DE-588)174657811$$4aut
000000048 24510 L $$aPOLITICS AND THE PROFESSORS : THE GREAT SOCIETY IN PERSPECTIVE$$cHENRY J. AARON
000000048 24619 L $$aPOLITICS AND THE PROFESSORS
000000048 260   L $$aWASHINGTON, DC$$bBROOKINGS INSTITUTION$$c1978
000000048 300   L $$a185 S.
000000048 4900  L $$aSTUDIES IN SOCIAL ECONOMICS
000000048 65007 L $$0(DE-588)4055879-4$$aSozialpolitik$$2gnd
000000048 65007 L $$0(DE-588)4467379-6$$aWissenschaftliche Beratung$$2gnd
000000048 651 7 L $$0(DE-588)4078704-7$$aUSA$$2gnd
000000048 961a  L $$aW0001$$b47PMV1315$$cBOOK$$d11$$h47$$j19840831$$k19840831$$l00000000$$m0000$$n468$$t0000000000000000000$$u00000000$$x00000000$$yN       $$APMV1315$$Bi pmv1315$$Ci$$HL$$P       0$$Q00000010$$P       0$$Q00000010$$R  000000000$$U000$$Y00000000000000000000
