000000053 LDR   L ^^^^^nam^a22^^^^^2c^4500
000000053 001   L HT000000069
000000053 008   L 980622s1979^^^^xxka|||^^c|||^00|||^und^d
000000053 020   L $$a0905836162$$90-905836-16-2
000000053 035   L $$a(DE-599)HBZHT000000069
000000053 040   L $$aDE-605$$erakwb
000000053 044   L $$axxk$$cGB
000000053 24510 L $$aAaron Siskind$$bphotographs 1932 - 1978$$cMuseum of Modern Art, Oxford
000000053 260   L $$aOxford$$c1979
000000053 300   L $$a[62] S.$$büberw. Ill.
000000053 500   L $$aAusstellungskatalog
000000053 7001  L $$aSiskind, Aaron$$0(DE-588)177428228$$4ctb
000000053 7102  L $$aMuseum of Modern Art (Oxford)$$0(DE-588)5000478-5
000000053 961a  L $$aW0001$$b35JZJS1237$$cBOOK$$d11$$h35$$j19840831$$k19840831$$l00000000$$m0000$$n468$$t0000000000000000000$$u00000000$$x00000000$$yN       $$AJZJS1237$$Bi jzjs1237$$Ci$$HL$$P       0$$Q00000011$$P       0$$Q00000011$$R  000000000$$U000$$Y00000000000000000000
